@article{Kmita:2002hg,
author = {Kmita, Marie and Fraudeau, Nadine and H{\'e}rault, Yann and Duboule, Denis},
title = {{Serial deletions and duplications suggest a mechanism for the collinearity of Hoxd genes in limbs}},
journal = {Nature},
year = {2002},
volume = {420},
number = {6912},
pages = {145},
month = nov
}

